%% This BibTeX bibliography file was created using BibDesk.
%% http://bibdesk.sourceforge.net/

%% Created for Bruce Maclennan at 2018-11-14 21:00:57 -0500 


%% Saved with string encoding Unicode (UTF-8) 


@string{avail = {Also available from {\tt web.eecs.utk.edu/\textasciitilde mclennan}}}

@string{bjm = {Bruce J. MacLennan}}

@string{myurl = {{\tt web.eecs.utk.edu/\textasciitilde mclennan}}}


@incollection{RRBCTF,
	Address = {Hershey},
	Author = {MacLennan, B. J.},
	Booktitle = {Handbook of Research on Synthetic Emotions and Sociable Robotics: New Applications in Affective Computing and Artificial Intelligence},
	Date-Added = {2018-10-20 16:07:21 -0400},
	Date-Modified = {2018-10-20 16:07:21 -0400},
	Editor = {in Vallverd{\'{u}}, J. and Casacuberta, D.},
	Pages = {133--153},
	Publisher = {IGI Global},
	Title = {Robots react but can they feel? A protophenomenological analysis},
	Year = {2009}}

@inproceedings{ICTPN,
	Address = {Hillsdale},
	Author = {MacLennan, B. J.},
	Booktitle = {Scale in Conscious Experience: Is the Brain Too Important to be Left to Specialists to Study?},
	Date-Added = {2018-10-20 16:06:55 -0400},
	Date-Modified = {2018-10-20 16:06:55 -0400},
	Editor = {King, J. and Pribram, K.H.},
	Pages = {25--43},
	Publisher = {Lawrence Erlbaum},
	Title = {The Investigation of Consciousness through Phenomenology and Neuroscience},
	Year = {1995}}

@article{ECNC,
	Author = {MacLennan, B. J.},
	Date-Added = {2018-10-20 16:06:39 -0400},
	Date-Modified = {2018-10-20 16:28:17 -0400},
	Journal = {Journal of Consciousness Studies},
	Pages = {409--424},
	Title = {The Elements of Consciousness and their Neurodynamical Correlates},
	Volume = {3},
	Year = {1996}}

@incollection{EJT,
	Address = {New Orleans},
	Author = {MacLennan, B. J.},
	Booktitle = {History of {Platonism}: {Plato} Redivivus},
	Date-Added = {2018-10-20 16:05:53 -0400},
	Date-Modified = {2018-10-20 16:30:48 -0400},
	Editor = {J. Finamore and R. Berchman},
	Pages = {305--322},
	Publisher = {University Press of the South},
	Title = {Evolution, {Jung}, and Theurgy: Their Role in Modern {Neoplatonism}},
	Year = {2005}}

@book{WoH,
	Address = {Woodbury, MN},
	Author = {MacLennan, B. J.},
	Date-Added = {2018-10-20 16:05:11 -0400},
	Date-Modified = {2018-10-20 16:28:36 -0400},
	Publisher = {Llewellyn},
	Title = {The Wisdom of {Hypatia}: Ancient Spiritual Practices for a More Meaningful Life},
	Year = {2013}}

@incollection{NIS,
	Author = {MacLennan, B. J.},
	Booktitle = {Metaphysical Patterns in {Platonism}: Ancient, Medieval, Renaissance, and Modern},
	Date-Added = {2018-10-20 16:04:35 -0400},
	Date-Modified = {2018-10-20 16:26:41 -0400},
	Editor = {R. Berchman and J. Finamore},
	Pages = {241--259},
	Publisher = {New Orleans: University Press of the South; reprinted (pp. 199--214), Somerset, UK: Prometheus Trust, 2014},
	Title = {Neoplatonism in Science: Past and Future},
	Year = {2007}}

@article{EJP,
	Author = {MacLennan, B. J.},
	Date-Added = {2018-10-20 16:04:14 -0400},
	Date-Modified = {2018-10-20 16:04:14 -0400},
	Journal = {Psychological Perspectives},
	Number = {1},
	Pages = {9--28},
	Title = {Evolutionary Jungian psychology},
	Volume = {49},
	Year = {2006}}

@incollection{ENVRE,
	Address = {San Jose},
	Author = {MacLennan, B. J.},
	Booktitle = {Neurotheology: Brain, science, spirituality, religious experience (2nd ed},
	Date-Added = {2018-10-20 16:04:14 -0400},
	Date-Modified = {2018-10-20 16:24:33 -0400},
	Editor = {R. Joseph},
	Pages = {317--334},
	Publisher = {University Press, California},
	Title = {Evolutionary Neurotheology and the Varieties of Religious Experience},
	Year = {2003}}

@techreport{PCCF,
	Author = bjm,
	Date-Added = {2018-06-25 20:37:49 +0000},
	Date-Modified = {2018-06-25 20:46:40 +0000},
	Institution = {University of Tennessee Department of Electrical Engineering and Computer Science},
	Title = {Path Creation by Continuous Flocking as an Example of a Morphogenetic Programming Language},
	Type = {{F}aculty {P}ublications and {O}ther {W}orks --- {EECS}. http://trace.tennessee.edu/utk\_elecpubs/24},
	Year = {2018}}

@incollection{FCFQIC,
	Address = {Cambridge, MA},
	Author = bjm,
	Booktitle = {Quantum Inspired Computational Intelligence: Research and Applications},
	Chapter = {3},
	Date-Added = {2018-05-31 18:11:47 +0000},
	Date-Modified = {2018-05-31 18:18:42 +0000},
	Doi = {http://dx.doi.org/10.1016/B978-0-12-804409-4.00003-6},
	Editor = {Siddhartha Bhattacharyya and Ujjwal Maulik and Paramartha Dutta},
	Pages = {85--110},
	Publisher = {Morgan Kaufmann / Elsevier},
	Title = {Field Computation: A Framework for Quantum-inspired Computing},
	Year = {2017},
	Bdsk-Url-1 = {http://dx.doi.org/10.1016/B978-0-12-804409-4.00003-6}}

@inbook{CRFP,
	Address = {Hershey, PA},
	Author = bjm,
	Chapter = {7},
	Date-Added = {2018-04-19 17:44:24 +0000},
	Date-Modified = {2018-04-19 17:49:49 +0000},
	Doi = {10.4018/978-1-5225-2973-6.ch007},
	Editor = {Steve Thompson},
	Pages = {151--175},
	Publisher = {IGI Global},
	Title = {Could Robots Feel Pain? {H}ow Can We Know?},
	Year = {2018},
	Bdsk-Url-1 = {https://doi.org/10.4018/978-1-5225-2973-6.ch007}}

@techreport{CF2D-TR,
	Author = bjm,
	Date-Added = {2018-04-02 18:49:17 +0000},
	Date-Modified = {2018-11-14 21:00:53 -0500},
	Institution = {University of Tennessee Department of Electrical Engineering and Computer Science},
	Title = {Path Creation by Continuous Flocking as an Example of a Morphogenetic Programming Language},
	Type = {{F}aculty {P}ublications and {O}ther {W}orks --- {EECS}. http://trace.tennessee.edu/utk\_elecpubs/24},
	Year = {2018}}

@techreport{SSM-TR5,
	Author = bjm,
	Date-Added = {2018-04-02 18:46:54 +0000},
	Date-Modified = {2018-10-20 16:29:08 -0400},
	Institution = {University of Tennessee Department of Electrical Engineering and Computer Science},
	Title = {The {Synmac} Syntax Macroprocessor: Introduction and Manual, Version 5},
	Type = {{F}aculty {P}ublications and {O}ther {W}orks --- {EECS}. http://trace.tennessee.edu/utk\_elecpubs/23},
	Year = {2018},
	Bdsk-Url-1 = {http://trace.tennessee.edu/utk%5C_elecpubs/23}}

@incollection{CSMA,
	Author = bjm,
	Booktitle = {Swarm Intelligence, Vol. 1: Principles, Current Algorithms and Methods},
	Chapter = {20},
	Date-Added = {2018-02-25 20:09:39 +0000},
	Date-Modified = {2018-11-13 10:30:43 -0500},
	Editor = {Ying Tan},
	Pages = {583--612},
	Publisher = {Institution of Engineering and Technology},
	Series = {PBCE 119},
	Title = {Coordinating Swarms of Microscopic Agents to Assemble Complex Structures},
	Year = {2018}}

@article{FABPS,
	Acmid = {362316},
	Address = {New York, NY, USA},
	Author = {MacLennan, Bruce J.},
	Date-Added = {2017-05-29 17:22:12 +0000},
	Date-Modified = {2018-10-20 16:22:20 -0400},
	Doi = {10.1145/355609.362316},
	Issn = {0001-0782},
	Issue_Date = {Aug. 1973},
	Journal = {Communications of the ACM},
	Keywords = {axioms, correctness, data structures, data types, description languages, extensible languages, formal description, formal language definition, formal systems, lambda-calculus, models of computation, modes, semantics},
	Month = aug,
	Number = {8},
	Numpages = {7},
	Pages = {468--474},
	Publisher = {ACM},
	Title = {Fen --- an Axiomatic Basis for Program Semantics},
	Url = {http://doi.acm.org/10.1145/355609.362316},
	Volume = {16},
	Year = {1973},
	Bdsk-Url-1 = {http://doi.acm.org/10.1145/355609.362316},
	Bdsk-Url-2 = {http://dx.doi.org/10.1145/355609.362316}}

@incollection{AIMS,
	Address = {Vancouver},
	Author = bjm,
	Booktitle = {The Beacon of Mind: Reason and Intuition in the Ancient and Modern World},
	Date-Added = {2016-07-24 20:14:42 +0000},
	Date-Modified = {2018-10-20 16:11:27 -0400},
	Editor = {Andrea Blackie and John H. Spencer},
	Pages = {219--235},
	Publisher = {Param Media},
	Title = {Ancient Intuition --- Modern Science},
	Year = {2015}}

@conference{IACE,
	Address = {Montreal, Canada},
	Author = {Brasford, David and Smith, Jared M. and Connor, R. Joseph and MacLennan, Bruce J. and Holleman, Jeremy},
	Booktitle = {{IEEE} International Symposium for Circuits and Systems 2016},
	Date-Added = {2016-07-24 20:12:00 +0000},
	Date-Modified = {2016-07-24 20:14:23 +0000},
	Month = {May},
	Title = {The Impact of Analog Computational Error on an Analog {B}oolean Satisfiability Solver},
	Year = {2016}}

@incollection{EI,
	Address = {Hershey},
	Author = {bjm},
	Booktitle = {Creative Technologies for Multidisciplinary Applications},
	Chapter = {13},
	Date-Added = {2016-07-24 20:06:49 +0000},
	Date-Modified = {2016-07-24 20:10:09 +0000},
	Doi = {10.4018/978-1-5225- 0016-2.ch013},
	Editor = {Andrew M. Connor and Stefan Marks},
	Pages = {309--333},
	Publisher = {IGI Global},
	Title = {Engineering Inspiration: Enhancing Scientific Creativity through Image Flows},
	Year = {2016},
	Bdsk-Url-1 = {http://dx.doi.org/10.4018/978-1-5225-%200016-2.ch013}}

@techreport{SASBS-tr,
	Address = {Knoxville},
	Author = {R. Joseph Connor and Jeremy Holleman and Bruce J. MacLennan and Jared M. Smith},
	Date-Added = {2015-09-29 17:01:38 +0000},
	Date-Modified = {2015-09-29 17:05:57 +0000},
	Institution = {University of Tennessee Department of Electrical Engineering and Computer Science},
	Month = {September},
	Number = {UT-EECS-15-735},
	Title = {Simulation of Analog Solution of Boolean Satisfiability},
	Type = {Technical Report},
	Year = {2015}}

@incollection{AC,
	Author = bjm,
	Booktitle = {Encyclopedia of Complexity and System Science},
	Chapter = {1, entry 19},
	Date-Added = {2015-09-22 18:56:21 +0000},
	Date-Modified = {2015-09-22 18:56:21 +0000},
	Doi = {10.1007/978-0-387-30440-3\_19},
	Editor = {{R. A.} {Meyers et al.}},
	Note = {Reprinted in {\it Computational Complexity: Theory, Techniques, and Applications}, ed. by R. A. Meyers et al., Springer, 2012, pp. 161--184.},
	Pages = {271---294},
	Publisher = {Springer},
	Title = {Analog Computation},
	Year = {2009},
	Bdsk-Url-1 = {http://dx.doi.org/10.1007/978-0-387-30440-3_19}}

@conference{NOC-CIN-pres,
	Address = {Bologna, Italy},
	Author = bjm,
	Booktitle = {Workshop on Natural Processes and Models of Computation},
	Date-Added = {2015-08-22 18:01:54 +0000},
	Date-Modified = {2015-08-22 18:01:54 +0000},
	Month = {June 16--18},
	Note = avail,
	Organization = {Scuola Superiore di Studi Umanistici},
	Title = {The Nature of Computing --- Computing in Nature},
	Year = {2005}}

@book{FFC,
	Author = bjm,
	Date-Added = {2015-08-22 16:54:57 +0000},
	Date-Modified = {2015-08-22 16:57:41 +0000},
	Title = {Foundations of Field Computation},
	Year = {in preparation}}

@article{LS,
	Author = bjm,
	Date-Added = {2015-08-14 18:06:57 +0000},
	Date-Modified = {2015-12-15 22:13:24 +0000},
	Doi = {10.1016/j.pbiomolbio.2015.08.009},
	Journal = {Progress in Biophysics and Molecular Biology},
	Number = {3},
	Pages = {410--419},
	Title = {Living Science: Science as an Activity of Living Beings},
	Volume = {119},
	Year = {2015},
	Bdsk-Url-1 = {http://dx.doi.org/10.1016/j.pbiomolbio.2015.08.009}}

@article{CMRS,
	Author = bjm,
	Date-Added = {2015-05-22 16:30:01 +0000},
	Date-Modified = {2015-09-02 00:08:02 +0000},
	Doi = {10.4018/IJRAT.2014070101},
	Journal = {International Journal of Robotics Applications and Technologies},
	Number = {2},
	Pages = {1--19},
	Title = {Coordinating Massive Robot Swarms},
	Volume = {2},
	Year = {2014},
	Bdsk-Url-1 = {http://dx.doi.org/10.4018/IJRAT.2014070101}}

@article{MPPM,
	Author = bjm,
	Date-Added = {2015-05-22 16:28:24 +0000},
	Date-Modified = {2016-07-24 20:17:30 +0000},
	Doi = {10.1109/JPROC.2015.2425394},
	Journal = {Proceedings of the IEEE},
	Number = {7},
	Pages = {1226--1232},
	Title = {The Morphogenetic Path to Programmable Matter},
	Volume = {103},
	Year = {2015},
	Bdsk-Url-1 = {http://dx.doi.org/10.1109/JPROC.2015.2425394}}

@article{ETR-HPRE,
	Author = bjm,
	Date-Added = {2014-08-09 01:37:54 +0000},
	Date-Modified = {2014-08-09 01:39:56 +0000},
	Doi = {10.4018/ijse.2014010102},
	Journal = {International Journal of Synthetic Emotions},
	Keywords = {Consciousness, Hard Problem, Neurophenomenology, Protophenomena, Protophenomenon, Robot Emotion, Synthetic Emotion},
	Month = {January--June},
	Number = {1},
	Pages = {10--18},
	Title = {Ethical Treatment of Robots and the Hard Problem of Robot Emotions},
	Volume = {5},
	Year = {2014},
	Bdsk-Url-1 = {http://dx.doi.org/10.4018/ijse.2014010102}}

@article{PAC,
	Author = bjm,
	Date-Added = {2014-08-09 01:34:03 +0000},
	Date-Modified = {2014-08-09 01:40:57 +0000},
	Doi = {10.1080/03081079.2014.920997},
	Journal = {International Journal of General Systems},
	Keywords = {analog computation, continuous computation, field computation, Moore's law, post-Moore's law computation},
	Number = {7},
	Pages = {682--696},
	Title = {The Promise of Analog Computation},
	Volume = {43},
	Year = {2014},
	Bdsk-Url-1 = {http://dx.doi.org/10.1080/03081079.2014.920997}}

@techreport{CUFCPL,
	Author = {D. H. Wolpert and B. J. MacLennan},
	Date-Added = {2013-11-12 18:20:44 +0000},
	Date-Modified = {2013-11-13 02:51:50 +0000},
	Institution = {Dept.\ of Computer Science, University of Tennessee, Knoxville},
	Note = avail,
	Number = {CS-93-206},
	Title = {A Computationally Universal Field Computer that is Purely Linear},
	Year = {1993}}

@article{NCNTMC,
	Author = bjm,
	Date-Added = {2013-11-11 03:00:52 +0000},
	Date-Modified = {2013-11-11 03:00:52 +0000},
	Journal = {Theoretical Computer Science},
	Pages = {115--145},
	Title = {Natural Computation and Non-{T}uring Models Of Computation},
	Volume = 317,
	Year = 2004}

@article{TTC,
	Author = bjm,
	Date-Added = {2013-11-11 03:00:26 +0000},
	Date-Modified = {2013-11-11 03:00:26 +0000},
	Journal = {Minds and Machines},
	Pages = {3--22},
	Title = {Transcending {T}uring Computability},
	Volume = 13,
	Year = 2003}

@incollection{AC2,
	Author = bjm,
	Booktitle = {Encyclopedia of Complexity and System Science},
	Chapter = {19-5},
	Date-Added = {2013-11-07 21:34:52 +0000},
	Date-Modified = {2015-09-22 18:58:24 +0000},
	Doi = {10.1007/978-3-642-27737-5_19-5},
	Editor = {{R. A.} {Meyers et al.}},
	Pages = {in press},
	Publisher = {Springer},
	Title = {Analog Computation},
	Year = {2015},
	Bdsk-Url-1 = {http://dx.doi.org/10.1007/978-0-387-30440-3_19}}

@incollection{HQB,
	Address = {Bethlehem, PA},
	Author = bjm,
	Booktitle = {Goethe's {\it Faust} and Cultural Memory: Comparatist Interfaces},
	Chapter = {9},
	Date-Added = {2013-08-04 18:10:10 +0000},
	Date-Modified = {2013-08-04 18:24:55 +0000},
	Editor = {Lorna Fitzsimmons},
	Pages = {177--215},
	Publisher = {Lehigh University Press},
	Title = {Homunculus' Quest for a Body},
	Year = {2012}}

@article{EC-APCAM,
	Author = bjm,
	Date-Added = {2013-08-04 18:07:36 +0000},
	Date-Modified = {2018-02-25 20:56:14 +0000},
	Journal = {Parallel Processing Letters},
	Number = {3},
	Pages = {1240013},
	Title = {Embodied Computation: Applying the Physics of Computation to Artificial Morphogenesis},
	Volume = {22},
	Year = {2012}}

@incollection{CN,
	Address = {Waterloo, Canada},
	Author = bjm,
	Booktitle = {Avatar and Nature Spirituality},
	Date-Added = {2013-08-04 18:04:38 +0000},
	Date-Modified = {2013-08-04 18:07:33 +0000},
	Editor = {Bron Taylor},
	Publisher = {Wilfrid Laurier University Press},
	Title = {Calling the {Na'vi}: Evolutionary {J}ungian Psychology and Nature Spirits},
	Year = {2013}}

@article{CHS,
	Author = bjm,
	Date-Added = {2013-08-04 18:02:45 +0000},
	Date-Modified = {2015-08-22 16:45:16 +0000},
	Doi = {10.1017/S0140525X1200283X},
	Journal = {Behavioral and Brain Sciences},
	Number = {3},
	Pages = {296--7},
	Title = {Cognition in {H}ilbert Space},
	Volume = {36},
	Year = {2013},
	Bdsk-Url-1 = {http://dx.doi.org/10.1017/S0140525X1200283X}}

@article{UM-MGC,
	Author = bjm,
	Date-Added = {2013-08-04 17:38:39 +0000},
	Date-Modified = {2013-08-04 17:48:04 +0000},
	Journal = {International Journal of Unconventional Computing},
	Number = {3--4},
	Pages = {265--283},
	Title = {The {U}-Machine: A Model of Generalized Computation},
	Volume = {6},
	Year = {2010}}

@article{MCC,
	Author = bjm,
	Date-Added = {2013-08-04 17:37:00 +0000},
	Date-Modified = {2013-08-17 21:49:06 +0000},
	Journal = {International Journal of Nanotechnology and Molecular Computation},
	Month = {July--Sept.},
	Number = {3},
	Pages = {55--67},
	Title = {A Formal Model of Universal Algorithmic Assembly and Molecular Computation},
	Volume = {2},
	Year = {2010}}

@article{MCHSA,
	Author = bjm,
	Date-Added = {2013-08-04 17:37:00 +0000},
	Date-Modified = {2013-08-04 18:09:53 +0000},
	Journal = {Nano Communication Networks},
	Month = {June},
	Number = {2},
	Pages = {116--128},
	Title = {Molecular Coordination of Hierarchical Self-Assembly},
	Volume = {3},
	Year = {2012}}

@inproceedings{MMAM,
	Address = {Tokyo},
	Author = bjm,
	Booktitle = {Natural Computing},
	Date-Added = {2013-08-04 17:37:00 +0000},
	Date-Modified = {2013-08-04 17:52:17 +0000},
	Editor = {F. Peper and H. Umeo and N. Matsui and T. Isokawa},
	Pages = {23--33},
	Publisher = {Springer},
	Series = {Springer series, Proceedings in Information and Communications Technology (PICT) 2},
	Title = {Models and Mechanisms for Artificial Morphogenesis},
	Year = {2010}}

@article{MMNC,
	Author = bjm,
	Date-Added = {2013-08-04 17:37:00 +0000},
	Date-Modified = {2013-08-04 17:52:30 +0000},
	Doi = {10.1016/j.nancom.2010.09.007},
	Journal = {Nano Communication Networks.},
	Number = {3},
	Pages = {199--208},
	Title = {Morphogenesis as a Model for Nano Communication},
	Volume = {1},
	Year = {2010},
	Bdsk-Url-1 = {http://dx.doi.org/10.1016/j.nancom.2010.09.007}}

@techreport{NOC-CIN-TR,
	Author = bjm,
	Date-Added = {2013-08-04 17:37:00 +0000},
	Date-Modified = {2015-08-22 18:05:41 +0000},
	Institution = {Department of Computer Science, University of Tennessee, Knoxville},
	Month = {November 25},
	Note = avail,
	Number = {UT-CS-05-565},
	Title = {The Nature of Computing --- Computing in Nature},
	Year = {2005}}

@techreport{PDFECAM,
	Address = {Knoxville, TN},
	Author = bjm,
	Date-Added = {2013-08-04 17:37:00 +0000},
	Date-Modified = {2013-08-04 17:52:50 +0000},
	Institution = {Department of Electrical Engineering and Computer Science, University of Tennessee},
	Number = {UT-CS-09-644},
	Title = {Preliminary Development of a Formalism for Embodied Computation and Morphogenesis},
	Type = {Technical Report},
	Year = {2009}}

@article{ST-NT,
	Author = bjm,
	Date-Added = {2013-08-04 17:37:00 +0000},
	Date-Modified = {2013-08-04 17:53:00 +0000},
	Journal = {International Journal of Unconventional Computing},
	Number = {3--4},
	Pages = {369--387},
	Title = {Super-{T}uring or Non-{T}uring? {E}xtending the Concept of Computation},
	Volume = {5},
	Year = {2009}}

@conference{ST-NT-pres,
	Address = {Sheffield, UK},
	Author = bjm,
	Booktitle = {International Interdisciplinary Workshop on Future Trends in Hypercomputation},
	Date-Added = {2013-08-04 17:37:00 +0000},
	Date-Modified = {2013-08-04 17:53:10 +0000},
	Month = {September 11--13},
	Title = {Super-{T}uring or Non-{T}uring? {E}xtending the Concept of Computation},
	Year = {2006}}

@article{IJNMC-preface,
	Author = bjm,
	Date-Added = {2013-08-04 17:36:33 +0000},
	Date-Modified = {2013-08-04 17:51:40 +0000},
	Journal = {International Journal of Nanotechnology and Molecular Computation},
	Number = {1},
	Pages = {i--ix},
	Title = {Computation and Nanotechnology (Editorial Preface)},
	Volume = {1},
	Year = {2009}}

@incollection{FCNAI-ECSS,
	Author = bjm,
	Booktitle = {Encyclopedia of Complexity and System Science},
	Chapter = {6, entry 199},
	Date-Added = {2013-08-04 17:36:03 +0000},
	Date-Modified = {2015-06-07 21:21:52 +0000},
	Doi = {10.1007/978-0-387-30440-3\_199},
	Editor = {{R. A.} {Meyers et al.}},
	Pages = {3334--3360},
	Publisher = {Springer},
	Title = {Field Computation in Natural and Artificial Intelligence},
	Year = {2009},
	Bdsk-Url-1 = {http://dx.doi.org/10.1007/978-0-387-30440-3_199}}

@conference{EC-NSF,
	Address = {Arlington, VA},
	Author = bjm,
	Booktitle = {NSF Workshop on Biological Communications Technology},
	Date-Added = {2013-08-04 17:34:59 +0000},
	Date-Modified = {2013-08-04 17:50:22 +0000},
	Month = {Feb. 20--1},
	Organization = {National Science Foundation},
	Title = {Embodied Computing},
	Year = {2008}}

@techreport{EMSOA,
	Address = {Knoxville},
	Author = bjm,
	Date-Added = {2013-08-04 17:34:59 +0000},
	Date-Modified = {2013-08-04 17:50:39 +0000},
	Institution = {Department of Computer Science, University of Tennessee},
	Month = {April 1},
	Number = {UT-CS-04-523},
	Title = {An Example Model of Self-Organized Aggregation and Protective Differentiation of Simple Autonomous Agents},
	Year = {2004}}

@conference{ENTC,
	Address = {Bloomington, IN},
	Author = bjm,
	Booktitle = {2008 North American Computing and Philosophy Conference: The Limits of Computation},
	Date-Added = {2013-08-04 17:34:59 +0000},
	Date-Modified = {2013-08-30 18:09:40 +0000},
	Month = {10--12 July},
	Note = avail,
	Organization = {The International Association for Computing and Philosophy},
	Title = {Embodiment and Non-{T}uring Computation},
	Year = {2008}}

@article{AMEEC,
	Author = bjm,
	Date-Added = {2013-08-04 17:34:02 +0000},
	Date-Modified = {2013-08-04 17:49:52 +0000},
	Journal = {International Journal of Unconventional Computing.},
	Number = {1--2},
	Pages = {3-23},
	Title = {Artificial Morphogenesis as an Example of Embodied Computation},
	Volume = {7},
	Year = {2011}}

@incollection{BIT,
	Address = {Singapore},
	Author = bjm,
	Booktitle = {Information and Computation: Essays on Scientific and Philosophical Understanding of Foundations of Information and Computation},
	Date-Added = {2013-08-04 17:34:02 +0000},
	Date-Modified = {2018-10-20 16:17:31 -0400},
	Editor = {Gordana Dodig-Crnkovic and Mark Burgin},
	Pages = {225--253},
	Publisher = {World Scientific},
	Series = {World Scientific Series in Information Studies},
	Title = {Bodies --- Both Informed and Transformed: Embodied Computation and Information Processing},
	Volume = {2},
	Year = {2011}}

@techreport{AEC-TR,
	Address = {Knoxville},
	Author = bjm,
	Date-Added = {2013-08-04 17:33:31 +0000},
	Date-Modified = {2013-08-30 18:15:39 +0000},
	Institution = {Department of Electrical Engineering and Computer Science, University of Tennessee},
	Month = {Aug. 6},
	Number = {UT-CS-08-610},
	Title = {Aspects of Embodied Computation: Toward a Reunification of the Physical and the Formal},
	Url = avail,
	Year = {2008},
	Bdsk-Url-1 = {http://www.cs.utk.edu/%5Cverb+~+mclennan/papers/AEC-TR.pdf},
	Bdsk-Url-2 = {www.cs.utk.edu/%5CTilde%20mclennan/papers/AEC-TR.pdf},
	Bdsk-Url-3 = {Also%20available%20from%20%7B%5Ctt%20web.eecs.utk.edu/%5Cverb+~+mclennan%7D}}

@inproceedings{TIDN,
	Author = bjm,
	Booktitle = {Proceedings of the IEEE First International Conference on Neural Networks},
	Date-Modified = {2013-08-17 21:51:21 +0000},
	Editor = {M. Caudill and C. Butler},
	Pages = {39--49},
	Publisher = {IEEE Press},
	Title = {Technology-independent Design of Neurocomputers: The Universal Field Computer},
	Volume = 3,
	Year = 1987}

@incollection{LNAI,
	Address = {Dordrecht},
	Author = bjm,
	Booktitle = {Aspects of Artificial Intelligence},
	Editor = {James H. Fetzer},
	Pages = {163--192},
	Publisher = {Kluwer Academic Publishers},
	Title = {Logic for the New {AI}},
	Year = 1988}

@techreport{FCATF,
	Author = bjm,
	Date-Modified = {2013-08-30 18:10:00 +0000},
	Institution = {Department of Computer Science, University of Tennessee, Knoxville},
	Note = avail,
	Number = {CS-90-100},
	Title = {Field Computation: A Theoretical Framework for Massively Parallel Analog Computation, Parts {I--IV}},
	Year = 1990}

@techreport{GRSTVI,
	Author = bjm,
	Date-Modified = {2013-08-30 18:11:17 +0000},
	Institution = {Department of Computer Science, University of Tennessee, Knoxville},
	Note = avail,
	Number = {CS-91-144},
	Title = {{G}abor Representations of Spatiotemporal Visual Images},
	Year = {1991}}

@incollection{IPDN,
	Address = {Hillsdale, NJ},
	Author = bjm,
	Booktitle = {Rethinking Neural Networks: Quantum Fields and Biological Data},
	Date-Modified = {2013-08-30 18:11:41 +0000},
	Editor = {Karl H. Pribram},
	Note = avail,
	Pages = {161--197},
	Publisher = {Lawrence Erlbaum},
	Title = {Information Processing in the Dendritic Net},
	Year = 1993}

@incollection{FCB,
	Address = {Hillsdale, NJ},
	Author = bjm,
	Booktitle = {Rethinking Neural Networks: Quantum Fields and Biological Data},
	Date-Modified = {2013-08-30 18:10:20 +0000},
	Editor = {K.~Pribram},
	Note = avail,
	Pages = {199--232},
	Publisher = {Lawrence Erlbaum},
	Title = {Field Computation in the Brain},
	Year = 1993}

@article{GAC,
	Author = bjm,
	Date-Modified = {2015-12-01 17:37:44 +0000},
	Journal = {Think},
	Month = {June},
	Note = {Also available from {\tt web.eecs.utk.edu/\textasciitilde mclennan} and at {\tt cogprints.org/542/}},
	Pages = {48--51},
	Title = {Grounding Analog Computers},
	Volume = 2,
	Year = 1993}

@article{CCKR,
	Author = bjm,
	Date-Modified = {2013-08-30 18:08:21 +0000},
	Journal = {Information Sciences},
	Note = avail,
	Pages = {119--143},
	Title = {Characteristics of Connectionist Knowledge Representation},
	Volume = 70,
	Year = 1993}

@incollection{CSS,
	Address = {Hillsdale, NJ},
	Author = bjm,
	Booktitle = {Neural Networks for Knowledge Representation and Inference},
	Date-Modified = {2013-08-30 18:09:09 +0000},
	Editor = {Daniel S. Levine and Manuel {Aparicio IV}},
	Note = avail,
	Pages = {83--120},
	Publisher = {Lawrence Erlbaum},
	Title = {Continuous Symbol Systems: The Logic of Connectionism},
	Year = 1994}

@incollection{IS,
	Address = {New York},
	Author = bjm,
	Booktitle = {Artificial Intelligence and Neural Networks: Steps Toward Principled Integration},
	Date-Modified = {2013-08-30 18:12:00 +0000},
	Editor = {Vasant Honavar and Leonard Uhr},
	Note = avail,
	Pages = {207--24},
	Publisher = {Academic Press},
	Title = {Image and Symbol: Continuous Computation and the Emergence of the Discrete},
	Year = 1994}

@incollection{CCED,
	Address = {Hillsdale, NJ},
	Author = bjm,
	Booktitle = {Origins: Brain \& Self-Organization},
	Date-Modified = {2015-12-01 17:37:28 +0000},
	Editor = {Karl H. Pribram},
	Note = {Also available from {\tt web.eecs.utk.edu/\textasciitilde mclennan} and at {\tt cogprints.org/540/}},
	Pages = {121--151},
	Publisher = {Lawrence Erlbaum},
	Title = {Continuous Computation and the Emergence of the Discrete},
	Year = 1994}

@article{WLIOW,
	Author = bjm,
	Date-Modified = {2015-12-01 17:37:51 +0000},
	Journal = {Minds and Machines},
	Note = {Also available from {\tt web.eecs.utk.edu/\textasciitilde mclennan} and at {\tt cogprints.org/383/}},
	Number = 4,
	Pages = {421--437},
	Title = {``{W}ords Lie in our Way''},
	Volume = 4,
	Year = 1994}

@inproceedings{CFS,
	Address = {Monterey, CA},
	Author = bjm,
	Booktitle = {Proceedings of the IEEE Workshop on Architectures for Semiotic Modeling and Situation Analysis in Large Complex Systems},
	Date-Modified = {2015-12-01 17:37:36 +0000},
	Month = {August},
	Note = {Also available from {\tt web.eecs.utk.edu/\textasciitilde mclennan} and at {\tt cogprints.org/541}},
	Pages = {161--172},
	Title = {Continuous Formal Systems: A Unifying Model in Language and Cognition},
	Year = 1995}

@incollection{FCMC,
	Author = bjm,
	Booktitle = {Self-Organization, Computational Maps and Motor Control},
	Date-Modified = {2013-08-30 18:10:36 +0000},
	Editor = {Pietro G. Morasso and Vittorio Sanguineti},
	Note = avail,
	Pages = {37--73},
	Publisher = {Elsevier},
	Title = {Field Computation in Motor Control},
	Year = 1997}

@article{FCNAI,
	Author = bjm,
	Date-Modified = {2013-08-30 18:10:53 +0000},
	Journal = {Information Sciences},
	Note = avail,
	Pages = {73--89},
	Title = {Field Computation in Natural and Artificial Intelligence},
	Volume = 119,
	Year = 1999}

@techreport{CDEC,
	Author = bjm,
	Date-Modified = {2013-08-30 18:08:43 +0000},
	Institution = {Department of Computer Science, University of Tennessee, Knoxville},
	Note = avail,
	Number = {UT-CS-01-459},
	Title = {Can Differential Equations Compute?},
	Year = 2001}
